% This file was created with JabRef 2.10b2.
% Encoding: UTF-8


@InProceedings{Hild93connectedletter,
  Title                    = {Connected Letter Recognition with a Multi-State Time Delay Neural Network},
  Author                   = {Hermann Hild and Alex Waibel},
  Booktitle                = {In 3rd European Conference on Speech, Communication and Technology (EUROSPEECH) 93},
  Year                     = {1993},

  Owner                    = {moose},
  Timestamp                = {2014.06.04}
}

